@INPROCEEDINGS{correlative,
author={E. B. Olson},
booktitle={2009 IEEE International Conference on Robotics and Automation},
title={Real-time correlative scan matching},
year={2009},
volume={},
number={},
pages={4387-4393},
keywords={image matching;mobile robots;probability;real-time systems;robot vision;complexity trade-offs;global loop-closing;graphics processing units;laser scans;mobile robots;probabilistically-motivated scan-matching algorithm;real-time correlative scan matching;Central Processing Unit;Cost function;Graphics;Iterative closest point algorithm;Laser radar;Mobile robots;Motion estimation;Navigation;Robustness;Wheels},
doi={10.1109/ROBOT.2009.5152375},
ISSN={1050-4729},
month={May},}

@INPROCEEDINGS{loopclosure,
author={W. Hess and D. Kohler and H. Rapp and D. Andor},
booktitle={2016 IEEE International Conference on Robotics and Automation (ICRA)},
title={Real-time loop closure in 2D LIDAR SLAM},
year={2016},
volume={},
number={},
pages={1271-1278},
keywords={SLAM (robots);data visualisation;distance measurement;optical radar;real-time systems;tree searching;2D LIDAR SLAM;as-built floor plans;backpack mapping platform;branch-and-bound approach;floor plans visualization;portable laser range-finders;real-time loop closure;simultaneous localization and mapping;Buildings;Feature extraction;Laser radar;Optimization;Real-time systems;Simultaneous localization and mapping;Upper bound},
doi={10.1109/ICRA.2016.7487258},
ISSN={},
month={May},}

@INPROCEEDINGS{poseadjust,
author={K. Konolige and G. Grisetti and R. Kümmerle and W. Burgard and B. Limketkai and R. Vincent},
booktitle={2010 IEEE/RSJ International Conference on Intelligent Robots and Systems},
title={Efficient Sparse Pose Adjustment for 2D mapping},
year={2010},
volume={},
number={},
pages={22-29},
keywords={SLAM (robots);graph theory;mobile robots;optimisation;path planning;pose estimation;2d mapping;C++;linear subproblem;mobile robots;nonlinear constraints;nonlinear optimization;open source implementations;pose graph;simultaneous localization and mapping;sparse pose adjustment},
doi={10.1109/IROS.2010.5649043},
ISSN={2153-0858},
month={Oct},}

@inproceedings{nuclear,
  title={A design of gesture controlled mobile robot with robotic arm for nuclear environment},
  author={Bendale, Tejashree D and Kharat, Vilas J},
  booktitle={International Conference on Nascent Technologies in Engineering},
  year={2017},
}

@inproceedings{wmr,
  title={Ackerman Mobile Robot with Arm},
  author={Orozco-Velázquez, Roberto Antonio and Silva-Ortigoza, Ramón and Márquez-Sánchez, Celso and García-Sánchez, José Rafael and Taud, Hind and Sosa-Cervantes, Cynthia Yolanda and Antonio-Cruz, Mayra and Marcelino-Aranda, Mariana and Carrizosa-Corral, Fernando},
  booktitle={International Conference on Mechatronics, Electronics and Automotive Engineering},
  pages={55-60},
  year={2016},
}
@inproceedings{pc,
  title={Predictive control of 5 DOF robot arm of autonomous mobile robotic system motion control employing mathematical model of the robot arm dynamics},
  author={Belda, Kvetoslav and Rovny, Oliver},
  booktitle={International Conference on Process Control},
  pages={339-344},
  year={2017},
}

@inproceedings{sm,
  title={Amos: Comparison of scan matching approaches for self-localization in indoor environments},
  author={Gutmann, J-S and Schlegel, Christian},
  booktitle={Advanced Mobile Robot, 1996., Proceedings of the First Euromicro Workshop on},
  pages={61--67},
  year={1996},
  organization={IEEE}
}

@inproceedings{mcl,
  title={Monte carlo localization for mobile robots},
  author={Dellaert, Frank and Fox, Dieter and Burgard, Wolfram and Thrun, Sebastian},
  booktitle={Robotics and Automation, 1999. Proceedings. 1999 IEEE International Conference on},
  volume={2},
  pages={1322--1328},
  year={1999},
  organization={IEEE}
}


@article{rmcl,
  title={Robust Monte Carlo localization for mobile robots},
  author={Thrun, Sebastian and Fox, Dieter and Burgard, Wolfram and Dellaert, Frank},
  journal={Artificial intelligence},
  volume={128},
  number={1-2},
  pages={99--141},
  year={2001},
  publisher={Elsevier}
}


@INPROCEEDINGS{stp, 
author={Ya-Chun Chang and Yu Yu Lwin and Y. Yamamoto}, 
booktitle={2009 IEEE International Symposium on Industrial Electronics}, 
title={Sensor-based trajectory planning strategy for non-holonomic mobile robot with laser range sensors}, 
year={2009}, 
volume={}, 
number={}, 
pages={1755-1760}, 
keywords={collision avoidance;mobile robots;robot dynamics;sensors;2-dimensional laser ranger finders;autonomous navigation task;four-wheeled mobile robot;laser range sensors;look-ahead control;nonholonomic mobile robot;sensor-based trajectory planning strategy;Control systems;Equations;Linear feedback control systems;Mobile robots;Navigation;Path planning;Robot sensing systems;Shape;Strategic planning;Trajectory;autonomous navigation;laser range-finder;mobile robot;obstacle avoidance;potential field method}, 
doi={10.1109/ISIE.2009.5221751}, 
ISSN={2163-5137}, 
month={July},}

@INPROCEEDINGS{cnnmotionplanning, 
author={M. Pfeiffer and M. Schaeuble and J. Nieto and R. Siegwart and C. Cadena}, 
booktitle={2017 IEEE International Conference on Robotics and Automation (ICRA)}, 
title={From perception to decision: A data-driven approach to end-to-end motion planning for autonomous ground robots}, 
year={2017}, 
volume={}, 
number={}, 
pages={1527-1533}, 
keywords={learning systems;mobile robots;navigation;neurocontrollers;path planning;position control;autonomous ground robots;data-driven approach;decision;end-to-end motion planning;expert demonstration;grid-based global approach comparison;learning from demonstration;neural network-based motion planner;obstacle-cluttered environment;perception;raw 2D-laser range findings;robot steering command;robotic platform;safe navigation;supervised model training;target position;target-oriented end-to-end navigation model learning;Collision avoidance;Data mining;Navigation;Planning;Robot sensing systems;Training}, 
doi={10.1109/ICRA.2017.7989182}, 
ISSN={}, 
month={May},}

@INPROCEEDINGS{pathplanningstereo, 
author={P. Moghadam and W. S. Wijesoma and Dong Jun Feng}, 
booktitle={2008 10th International Conference on Control, Automation, Robotics and Vision}, 
title={Improving path planning and mapping based on stereo vision and lidar}, 
year={2008}, 
volume={}, 
number={}, 
pages={384-389}, 
keywords={SLAM (robots);collision avoidance;image sensors;laser ranging;mobile robots;object detection;optical radar;robot vision;stereo image processing;2D cost map;2D laser range finders;Packbot robot;Point Grey Bumblebee stereo camera;SICK LDOEM laser range finder;grid-based occupancy map;mobile robot navigation;obstacle avoidance;obstacle detection;path planning;stereo vision camera system;Cameras;Costs;Laser fusion;Laser modes;Laser radar;Mobile robots;Navigation;Path planning;Robot vision systems;Stereo vision;mobile robot;path planning;sensor fusion;stereo vision}, 
doi={10.1109/ICARCV.2008.4795550}, 
ISSN={}, 
month={Dec},}