@inproceedings{su15mvcnn,
  author    = {Hang Su and
               Subhransu Maji and
               Evangelos Kalogerakis and
               Erik G. Learned{-}Miller},
  title     = {Multi-view convolutional neural networks for 3d shape recognition},
  booktitle = {Proc. ICCV},
  year      = {2015},
}

@inproceedings{qi2016volumetric,
  title={Volumetric and multi-view cnns for object classification on 3d data},
  author={Qi, Charles R and Su, Hao and Nie{\ss}ner, Matthias and Dai, Angela and Yan, Mengyuan and Guibas, Leonidas J},
  booktitle={Proceedings of the IEEE Conference on Computer Vision and Pattern Recognition},
  pages={5648--5656},
  year={2016}
}

@article{SGDR,
  author    = {Ilya Loshchilov and
               Frank Hutter},
  title     = {{SGDR:} Stochastic Gradient Descent with Restarts},
  journal   = {CoRR},
  volume    = {abs/1608.03983},
  year      = {2016},
  url       = {http://arxiv.org/abs/1608.03983},
  archivePrefix = {arXiv},
  eprint    = {1608.03983},
  timestamp = {Wed, 07 Jun 2017 14:41:40 +0200},
  biburl    = {http://dblp.org/rec/bib/journals/corr/LoshchilovH16a},
  bibsource = {dblp computer science bibliography, http://dblp.org}
}

@inproceedings{wu20153d,
  title={3d shapenets: A deep representation for volumetric shapes},
  author={Wu, Zhirong and Song, Shuran and Khosla, Aditya and Yu, Fisher and Zhang, Linguang and Tang, Xiaoou and Xiao, Jianxiong},
  booktitle={Proceedings of the IEEE Conference on Computer Vision and Pattern Recognition},
  pages={1912--1920},
  year={2015}
}

@inproceedings{he2016deep,
  title={Deep residual learning for image recognition},
  author={He, Kaiming and Zhang, Xiangyu and Ren, Shaoqing and Sun, Jian},
  booktitle={Proceedings of the IEEE conference on computer vision and pattern recognition},
  pages={770--778},
  year={2016}
}